@article{article,
  text = {
          con il contratto di Società due o più persone conferiscono beni
          o servizi per l’esercizio in comune di una attività economica
          allo scopo di dividerne gli utili (art. 2247 c.c.).
          }
}